<record><leader>00000cas a22000007a 4500</leader><controlfield tag="001">12277763</controlfield><controlfield tag="008">850718d18801883wiuwr ne      0    0eng d</controlfield><datafield ind1=" " ind2=" " tag="010"><subfield code="a">sn 85041056 </subfield></datafield><datafield ind1=" " ind2=" " tag="040"><subfield code="a">NPV</subfield><subfield code="b">eng</subfield><subfield code="c">NPV</subfield><subfield code="d">OCLCQ</subfield></datafield><datafield ind1=" " ind2=" " tag="042"><subfield code="a">msc</subfield></datafield><datafield ind1=" " ind2=" " tag="045"><subfield code="a">w8w8</subfield></datafield><datafield ind1=" " ind2=" " tag="052"><subfield code="a">4123</subfield><subfield code="b">S3</subfield></datafield><datafield ind1="0" ind2=" " tag="130"><subfield code="a">Sauk County Democrat (Baraboo, Wis. : 1880)</subfield></datafield><datafield ind1="1" ind2="4" tag="245"><subfield code="a">The Sauk County Democrat.</subfield></datafield><datafield ind1=" " ind2=" " tag="260"><subfield code="a">Baraboo, Sauk County, Wis. :</subfield><subfield code="b">C.W. Ford</subfield></datafield><datafield ind1=" " ind2=" " tag="300"><subfield code="a">v. :</subfield><subfield code="b">ill.</subfield></datafield><datafield ind1=" " ind2=" " tag="310"><subfield code="a">Weekly</subfield></datafield><datafield ind1="1" ind2=" " tag="362"><subfield code="a">Began with Jan. 31, 1880 issue.</subfield><subfield code="z">Cf. Oehlerts, d. E. Guide to Wis. newspapers.</subfield></datafield><datafield ind1="1" ind2=" " tag="362"><subfield code="a">Ceased with May 12 or 19, 1883 issue.</subfield></datafield><datafield ind1=" " ind2=" " tag="500"><subfield code="a">Editor: J.G. Ford.</subfield></datafield><datafield ind1=" " ind2=" " tag="530"><subfield code="a">Available on microfilm from The State Historical Sociey of Wisconsin.</subfield></datafield><datafield ind1=" " ind2=" " tag="588"><subfield code="a">Description based on: Vol. 1, no. 6 (Mar. 6, 1880).</subfield></datafield><datafield ind1=" " ind2=" " tag="752"><subfield code="a">United States</subfield><subfield code="b">Wisconsin</subfield><subfield code="c">Sauk</subfield><subfield code="d">Baraboo.</subfield></datafield><datafield ind1="0" ind2="0" tag="785"><subfield code="t">Ford's Sauk County Democrat</subfield><subfield code="w">(DLC)sn 85041057</subfield></datafield><datafield ind1="1" ind2=" " tag="029"><subfield code="a">AU@</subfield><subfield code="b">000025809254</subfield></datafield></record>